@online{BancoEspana,
    author = {Banco de España},
    title = {Estadísticas Tarjetas para la Web 2T-2018},
    year = {2018},
    url = {https://www.bde.es/f/webbde/SPA/sispago/ficheros/es/estadisticas.pdf},
    urldate = {2018-11-05}
},
@online{Cordova,
author = {Apache Cordova},
title = {Plugin Development Guide},
year = {2018},
url = {https://cordova.apache.org/docs/en/8.x/guide/hybrid/plugins/index.html},
urldate = {2018-12-27}
},
@online{Singleton,
author = {Leon Welicki},
title = {El Patrón Singleton},
year = {2018},
url = {https://msdn.microsoft.com/es-es/library/bb972272.aspx},
urldate = {2019-01-01}
}
